@inproceedings{ji2013discriminative,
  title={Discriminative improvements to distributional sentence similarity},
  author={Ji, Yangfeng and Eisenstein, Jacob},
  booktitle={Proceedings of the 2013 Conference on Empirical Methods in Natural Language Processing},
  pages={891--896},
  year={2013}
}


@article{brand2006fast,
  title={Fast low-rank modifications of the thin singular value decomposition},
  author={Brand, Matthew},
  journal={Linear algebra and its applications},
  volume={415},
  number={1},
  pages={20--30},
  year={2006},
  publisher={Elsevier}
}

@article{conneau2017supervised,
  title={Supervised learning of universal sentence representations from natural language inference data},
  author={Conneau, Alexis and Kiela, Douwe and Schwenk, Holger and Barrault, Loic and Bordes, Antoine},
  journal={arXiv preprint arXiv:1705.02364},
  year={2017}
}


@inproceedings{levy2014neural,
  title={Neural word embedding as implicit matrix factorization},
  author={Levy, Omer and Goldberg, Yoav},
  booktitle={Advances in neural information processing systems},
  pages={2177--2185},
  year={2014}
}

@article{ionescu2015training,
  title={Training deep networks with structured layers by matrix backpropagation},
  author={Ionescu, Catalin and Vantzos, Orestis and Sminchisescu, Cristian},
  journal={arXiv preprint arXiv:1509.07838},
  year={2015}
}

@article{wu2017balancing,
  title={Balancing between over-weighting and under-weighting in supervised term weighting},
  author={Wu, Haibing and Gu, Xiaodong and Gu, Yiwei},
  journal={Information Processing \& Management},
  volume={53},
  number={2},
  pages={547--557},
  year={2017},
  publisher={Elsevier}
}

@article{deng2014study,
  title={A study of supervised term weighting scheme for sentiment analysis},
  author={Deng, Zhi-Hong and Luo, Kun-Hu and Yu, Hong-Liang},
  journal={Expert Systems with Applications},
  volume={41},
  number={7},
  pages={3506--3513},
  year={2014},
  publisher={Elsevier}
}

@article{lan2009supervised,
  title={Supervised and traditional term weighting methods for automatic text categorization},
  author={Lan, Man and Tan, Chew Lim and Su, Jian and Lu, Yue},
  journal={IEEE transactions on pattern analysis and machine intelligence},
  volume={31},
  number={4},
  pages={721--735},
  year={2009},
  publisher={IEEE}
}

@inproceedings{maas2011learning,
  title={Learning word vectors for sentiment analysis},
  author={Maas, Andrew L and Daly, Raymond E and Pham, Peter T and Huang, Dan and Ng, Andrew Y and Potts, Christopher},
  booktitle={Proceedings of the 49th annual meeting of the association for computational linguistics: Human language technologies-volume 1},
  pages={142--150},
  year={2011},
  organization={Association for Computational Linguistics}
}

@article{altszyler2016comparative,
  title={Comparative study of LSA vs Word2vec embeddings in small corpora: a case study in dreams database},
  author={Altszyler, Edgar and Sigman, Mariano and Ribeiro, Sidarta and Slezak, Diego Fern{\'a}ndez},
  journal={arXiv preprint arXiv:1610.01520},
  year={2016}
}

@article{levy2015improving,
  title={Improving distributional similarity with lessons learned from word embeddings},
  author={Levy, Omer and Goldberg, Yoav and Dagan, Ido},
  journal={Transactions of the Association for Computational Linguistics},
  volume={3},
  pages={211--225},
  year={2015}
}

@inproceedings{pennington2014glove,
  title={Glove: Global vectors for word representation},
  author={Pennington, Jeffrey and Socher, Richard and Manning, Christopher},
  booktitle={Proceedings of the 2014 conference on empirical methods in natural language processing (EMNLP)},
  pages={1532--1543},
  year={2014}
}